@misc{Auerswald2018,
    author = {Auerswald, Erik and Fontana, Cristiano},
    title = {{Seven Segment Optical Character Recognition}},
    url = {https://www.unix-ag.uni-kl.de/{~}auerswal/ssocr/},
    year = {2018}
}

@article{Bi1998,
    author = {Bi, G Q and Poo, M M},
    issn = {0270-6474},
    journal = {The Journal of neuroscience : the official journal of the Society for Neuroscience},
    month = {dec},
    number = {24},
    pages = {10464--72},
    pmid = {9852584},
    title = {{Synaptic modifications in cultured hippocampal neurons: dependence on spike timing, synaptic strength, and postsynaptic cell type.}},
    url = {http://www.ncbi.nlm.nih.gov/pubmed/9852584},
    volume = {18},
    year = {1998}
}

@article{Brader2007,
    author = {Brader, Joseph M and Senn, Walter and Fusi, Stefano},
    doi = {10.1162/neco.2007.19.11.2881},
    issn = {0899-7667},
    journal = {Neural computation},
    month = {nov},
    number = {11},
    pages = {2881--912},
    pmid = {17883345},
    title = {{Learning real-world stimuli in a neural network with spike-driven synaptic dynamics.}},
    url = {http://www.ncbi.nlm.nih.gov/pubmed/17883345},
    volume = {19},
    year = {2007}
}

@book{braitenberg2013cortex,
  title={Cortex: statistics and geometry of neuronal connectivity},
  author={Braitenberg, Valentino and Sch{\"u}z, Almut},
  year={2013},
  publisher={Springer Science \& Business Media}
}

@article{Brunel1999,
    archivePrefix = {arXiv},
    arxivId = {cond-mat/9904278},
    author = {Brunel, Nicolas and Hakim, Vincent},
    doi = {10.1162/089976699300016179},
    eprint = {9904278},
    isbn = {0899-7667 (Print)},
    issn = {08997667},
    journal = {Neural Computation},
    number = {7},
    pages = {1621--1671},
    pmid = {10490941},
    primaryClass = {cond-mat},
    title = {{Fast Global Oscillations in Networks of Integrate-and-Fire Neurons with Low Firing Rates}},
    volume = {11},
    year = {1999}
}

@article{Brunel2000,
    author = {Brunel, Nicolas},
    doi = {10.1016/S0925-2312(00)00179-X},
    isbn = {0929-5313 (Print)},
    issn = {09252312},
    journal = {Journal of computational neuroscience},
    number = {3},
    pages = {183--208},
    pmid = {10809012},
    title = {{Dynamics of Sparsely Connected Networks of Excitatory and Inhibitory Spiking Neurons}},
    url = {http://www.ncbi.nlm.nih.gov/pubmed/10809012},
    volume = {8},
    year = {2000}
}

@article{Clopath2010c,
    author = {Clopath, Claudia and B{\"{u}}sing, Lars and Vasilaki, Eleni and Gerstner, Wulfram},
    doi = {10.1038/nn.2479},
    isbn = {1546-1726 (Electronic)$\backslash$n1097-6256 (Linking)},
    issn = {1097-6256},
    journal = {Nature neuroscience},
    number = {December 2009},
    pages = {344--352},
    pmid = {20098420},
    publisher = {Nature Publishing Group},
    title = {{Connectivity reflects coding: a model of voltage-based STDP with homeostasis.}},
    url = {http://dx.doi.org/10.1038/nn.2479},
    volume = {13},
    year = {2010}
}

@article{Davison2008a,
  author = {Davison, Andrew P and Br{\"{u}}derle, Daniel and Eppler, Jochen and Kremkow, Jens and Muller, Eilif and Pecevski, Dejan and Perrinet, Laurent and Yger, Pierre},
  doi = {10.3389/neuro.11.011.2008},
  issn = {1662-5196},
  journal = {Frontiers in neuroinformatics},
  keywords = {computational,interoperability,large-scale models,neuroscience,parallel computing,python,reproducibility,simulation,translation},
  month = {jan},
  number = {January},
  pages = {11},
  pmid = {19194529},
  title = {{PyNN:} A Common Interface for Neuronal Network Simulators.},
  url = {http://www.pubmedcentral.nih.gov/articlerender.fcgi?artid=2634533{\&}tool=pmcentrez{\&}rendertype=abstract},
  volume = {2},
  year = {2008}
}

@article{Izhikevich2007,
    author = {Izhikevich, Eugene M},
    doi = {10.1093/cercor/bhl152},
    file = {:home/j/jk/jk421/.local/share/data/Mendeley Ltd./Mendeley Desktop/Downloaded/Izhikevich - 2007 - Solving the Distal Reward Problem through Linkage of STDP and Dopamine Signaling.pdf:pdf},
    issn = {1047-3211},
    journal = {Cerebral Cortex},
    month = {oct},
    number = {10},
    pages = {2443--2452},
    pmid = {17220510},
    title = {{Solving the Distal Reward Problem through Linkage of STDP and Dopamine Signaling}},
    url = {http://www.cercor.oxfordjournals.org/cgi/doi/10.1093/cercor/bhl152},
    volume = {17},
    year = {2007}
}

@article{Knight2016b,
    author = {Knight, James and Furber, Steve},
    doi = {10.3389/fnins.2016.00420},
    issn = {1662-453X},
    journal = {Frontiers in Neuroscience},
    pages = {420},
    title = {{Synapse-centric mapping of cortical models to the SpiNNaker neuromorphic architecture}},
    url = {http://journal.frontiersin.org/article/10.3389/fnins.2016.00420},
    volume = {10},
    year = {2016}
}

@article{Markram1997,
    author = {Markram, Henry},
    doi = {10.1126/science.275.5297.213},
    issn = {00368075},
    journal = {Science},
    month = {jan},
    number = {5297},
    pages = {213--215},
    title = {{Regulation of Synaptic Efficacy by Coincidence of Postsynaptic APs and EPSPs}},
    url = {http://www.sciencemag.org/cgi/doi/10.1126/science.275.5297.213},
    volume = {275},
    year = {1997}
}

@article{Morrison2007,
    author = {Morrison, Abigail and Aertsen, Ad and Diesmann, Markus},
    doi = {10.1162/neco.2007.19.6.1437},
    issn = {0899-7667},
    journal = {Neural computation},
    month = {jun},
    number = {6},
    pages = {1437--67},
    pmid = {17444756},
    title = {{Spike-timing-dependent plasticity in balanced random networks.}},
    url = {http://www.ncbi.nlm.nih.gov/pubmed/17444756},
    volume = {19},
    year = {2007}
}

@article{Morrison2008,
    author = {Morrison, Abigail and Diesmann, Markus and Gerstner, Wulfram},
    doi = {10.1007/s00422-008-0233-1},
    file = {:home/j/jk/jk421/.local/share/data/Mendeley Ltd./Mendeley Desktop/Downloaded/Morrison, Diesmann, Gerstner - 2008 - Phenomenological models of synaptic plasticity based on spike timing.pdf:pdf},
    isbn = {0340-1200 (Print)$\backslash$r0340-1200 (Linking)},
    issn = {03401200},
    journal = {Biological Cybernetics},
    pages = {459--478},
    pmid = {18491160},
    title = {{Phenomenological models of synaptic plasticity based on spike timing}},
    volume = {98},
    year = {2008}
}

@article{Nabavi2014,
    author = {Nabavi, Sadegh and Fox, Rocky and Proulx, Christophe D. and Lin, John Y. and Tsien, Roger Y. and Malinow, Roberto},
    doi = {10.1038/nature13294},
    file = {:home/j/jk/jk421/.local/share/data/Mendeley Ltd./Mendeley Desktop/Downloaded/Nabavi et al. - 2014 - Engineering a memory with LTD and LTP.pdf:pdf},
    issn = {0028-0836},
    journal = {Nature},
    mendeley-groups = {Manchester PhD/Learning,Manchester PhD/Thesis/Introduction},
    month = {jun},
    publisher = {Nature Publishing Group},
    title = {{Engineering a memory with LTD and LTP}},
    url = {http://www.nature.com/doifinder/10.1038/nature13294},
    year = {2014}
}

@misc{NVIDIACorporation2018,
    author = {{NVIDIA Corporation}},
    title = {{CUDA C Programming Guide}},
    url = {https://docs.nvidia.com/cuda/cuda-c-programming-guide/index.html},
    urldate = {21/08/2018},
    year = {2018}
}

@article{Potjans2012,
    author = {Potjans, Tobias C. and Diesmann, Markus},
    doi = {10.1093/cercor/bhs358},
    issn = {1460-2199},
    journal = {Cerebral cortex (New York, N.Y. : 1991)},
    mendeley-groups = {Manchester PhD/Microcircuit},
    month = {dec},
    pmid = {23203991},
    title = {{The Cell-Type Specific Cortical Microcircuit: Relating Structure and Activity in a Full-Scale Spiking Network Model.}},
    url = {http://www.ncbi.nlm.nih.gov/pubmed/23203991},
    year = {2012}
}

@article{Rotter1999,
    author = {Rotter, S and Diesmann, Markus},
    issn = {0340-1200},
    journal = {Biological cybernetics},
    month = {nov},
    number = {5-6},
    pages = {381--402},
    pmid = {10592015},
    title = {{Exact digital simulation of time-invariant linear systems with applications to neuronal modeling.}},
    url = {http://www.ncbi.nlm.nih.gov/pubmed/10592015},
    volume = {81},
    year = {1999}
}

@article{Stimberg2014,
    author = {Stimberg, Marcel and Goodman, Dan F. M. and Benichoux, Victor and Brette, Romain},
    doi = {10.3389/fninf.2014.00006},
    isbn = {1662-5196},
    issn = {1662-5196},
    journal = {Frontiers in Neuroinformatics},
    number = {February},
    pages = {1--14},
    pmid = {24550820},
    title = {{Equation-oriented specification of neural models for simulations}},
    url = {http://journal.frontiersin.org/article/10.3389/fninf.2014.00006/abstract},
    volume = {8},
    year = {2014}
}

@misc{TOP500.org2018,
    author = {TOP500.org},
    title = {{June 2018 | Top500 Supercomputer Sites}},
    url = {https://www.top500.org/lists/2018/06/},
    urldate = {15/08/2018},
    year = {2018}
}


@article{VanAlbada2018,
    author = {van Albada, Sacha J and Rowley, Andrew G and Senk, Johanna and Hopkins, Michael and Schmidt, Maximilian and Stokes, Alan B and Lester, David R and Diesmann, Markus and Furber, Steve B},
    doi = {10.3389/fnins.2018.00291},
    number = {May},
    pages = {1--20},
    title = {{Performance Comparison of the Digital Neuromorphic Hardware SpiNNaker and the Neural Network Simulation Software NEST for a Full-Scale Cortical Microcircuit Model.}},
    volume = {12},
    year = {2018}
}

@article{Villa2009,
    author = {Villa, Oreste and Chavarria-Miranda, Daniel and Gurumoorthi, Vidhya and M{\'{a}}rquez, Andr{\'{e}}s and Krishnamoorthy, Sriram},
    journal = {Proceedings of Cray User Group Meeting (CUG)},
    title = {{Effects of Floating-Point non-Associativity on Numerical Computations on Massively Multithreaded Systems}},
    year = {2009}
}


@Article{article,
    author = "Author1 LastName1 and Author2 LastName2 and Author3 LastName3",
    title = "Article Title",
    volume = "30",
    number = "30",
    pages = "10127-10134",
    year = "2013",
    doi = "10.3389/fnins.2013.12345",
    URL = "http://www.frontiersin.org/Journal/10.3389/fnins.2013.12345/abstract",
    journal = "Frontiers in Neuroscience"
}

@book{book,
  author    = {Author Name}, 
  title     = {The title of the work},
  publisher = {The name of the publisher},
  address   = {The city},
  year      = 1993,
}

@incollection{chapter,
  author       = {Bauthor Surname}, 
  title        = {The title of the work},
  editor       = {Editor Name},
  booktitle    = {The title of the book},
  publisher    = {The name of the publisher},
  address      = {The city},
  year         = 2002,
  pages        = {201-213},
}

@InProceedings{conference,
  author = {Cauthor Name and Dauthor Surname and Fauthor LastName},
  title = {The title of the work},
  booktitle = {The title of the conference proceedings},
  year = 1996,
  publisher = {The name of the publisher},
  editor = {Editor Name1 and Editor Name2},
  pages = {41-50},
}

@book{cho,
  author       = {Gauthor Name1}, 
  title        = {The title of the work},
  publisher = {Country code and patent number},
  address      = {Patent Country},
  year = 2013
}

@book{patent,
  author    = {Hauthor Surname1}, 
  title     = {The title of the work},
  publisher = {Patent number},
  address   = {Patent country},
  year      = 2010,
}

% please use misc for datasets
@misc{dataset, 
	author = "Author1 LastName1 and Author2 LastName2 and Author3 LastName3",
	title = "Data Title",
	year = "2011",
	doi = "10.000/55555",
	URL = "http://www.frontiersin.org/",
}